@Misc{cryptoeprint:2012:142,
  author       = {David Galindo and Javier Herranz and Jorge Villar},
  title	       = {Identity-Based Encryption with Master Key-Dependent
                  Message Security and Applications},
  howpublished = {Cryptology ePrint Archive, Report 2012/142},
  year	       = 2012,
  note	       = {\url{http://eprint.iacr.org/}}
}

@Misc{cryptoeprint:2011:454,
  author       = {Steven Myers and Mona Sergi and {abhi} {shelat}},
  title	       = {Threshold Fully Homomorphic Encryption and Secure
                  Computation},
  howpublished = {Cryptology ePrint Archive, Report 2011/454},
  year	       = 2011,
  note	       = {\url{http://eprint.iacr.org/}}
}

@Misc{cryptoeprint:2018:473,
	author         = {Daniele Friolo and Daniel Masny and Daniele Venturi},
	title          = {Secure Multi-Party Computation from Strongly Uniform Key Agreement},
	howpublished   = {Cryptology ePrint Archive, Report 2018/473},
	year    = 2018,
	note      = {\url{http://eprint.iacr.org/}}
}

@Misc{cryptoeprint:2018:845,
	author         = {Fuyuki Kitagawa and Keisuke Tanaka},
	title          = {A Framework for Achieving KDM-CCA Secure Public-Key Encryption},
	howpublished   = {Cryptology ePrint Archive, Report 2018/845},
	year    = 2018,
	note      = {\url{http://eprint.iacr.org/}}
}

@Misc{cryptoeprint:2018:847,
	author         = {Venkata Koppula and Brent Waters},
	title          = {Realizing Chosen Ciphertext Security Generically in Attribute-Based Encryption and Predicate Encryption},
	howpublished   = {Cryptology ePrint Archive, Report 2018/847},
	year    = 2018,
	note      = {\url{http://eprint.iacr.org/}}
}

@Misc{cryptoeprint:2018:872,
	author         = {Sanjam Garg and Romain Gay and Mohammad Hajiabadi},
	title          = {New Techniques for Efficient Trapdoor Functions and Applications},
	howpublished   = {Cryptology ePrint Archive, Report 2018/872},
	year    = 2018,
	note      = {\url{http://eprint.iacr.org/}}
}


@InProceedings{DBLP:conf/crypto/GargH18,
	author    = {Sanjam Garg and
	Mohammad Hajiabadi},
	title     = {Trapdoor Functions from the Computational Diffie-Hellman Assumption},
	booktitle = {CRYPTO},
	year      = {2018},
	pages     = {362-391}
}

@inproceedings{DBLP:conf/eurocrypt/BenhamoudaL18,
	author    = {Fabrice Benhamouda and
	Huijia Lin},
	title     = {k-Round Multiparty Computation from k-Round Oblivious Transfer via
	Garbled Interactive Circuits},
	booktitle = {EUROCRYPT},
	year      = {2018},
	pages     = {500-532}
}

@InProceedings{DBLP:conf/eurocrypt/BrakerskiLSV18,
	author    = {Zvika Brakerski and
	Alex Lombardi and
	Gil Segev and
	Vinod Vaikuntanathan},
	title     = {Anonymous IBE, Leakage Resilience and Circular Security from New Assumptions},
	booktitle = {EUROCRYPT},
	year      = {2018},
	pages     = {535-564}
}


@inproceedings{DBLP:conf/pkc/DorozHPSSWZ18,
	author    = {Yarkin Dor{\"{o}}z and
	Jeffrey Hoffstein and
	Jill Pipher and
	Joseph H. Silverman and
	Berk Sunar and
	William Whyte and
	Zhenfei Zhang},
	title     = {Fully Homomorphic Encryption from the Finite Field Isomorphism Problem},
	booktitle = {PKC},
	year      = {2018},
	pages     = {125-155}
}

@inproceedings{DBLP:conf/pkc/DottlingGHM18,
	author    = {Nico D{\"{o}}ttling and
	Sanjam Garg and
	Mohammad Hajiabadi and
	Daniel Masny},
	title     = {New Constructions of Identity-Based and Key-Dependent Message Secure
	Encryption Schemes},
	booktitle = {PKC},
	year      = {2018},
	pages     = {3-31}
}

@InProceedings{DBLP:conf/crypto/DottlingG17,
	author    = {Nico D{\"{o}}ttling and
	Sanjam Garg},
	title     = {Identity-Based Encryption from the Diffie-Hellman Assumption},
	booktitle = {{CRYPTO} {(1)}},
	pages     = {537--569},
	year      = {2017}
}

@inproceedings{DBLP:conf/stoc/GoyalPR16,
	author    = {Vipul Goyal and
	Omkant Pandey and
	Silas Richelson},
	title     = {Textbook Non-Malleable Commitments},
	booktitle = {{STOC}},
	year      = {2016}
}

@InProceedings{DBLP:conf/asiacrypt/BishopHW15,
  author       = {Allison Bishop and Susan Hohenberger and Brent
                  Waters},
  title	       = {New Circular Security Counterexamples from Decision
                  Linear and Learning with Errors},
  booktitle    = {ASIACRYPT 2015},
  year	       = 2015,
  pages	       = {776-800}
}

@InProceedings{DBLP:conf/tcc/KoppulaRW15,
  author       = {Venkata Koppula and Kim Ramchen and Brent Waters},
  title	       = {Separations in Circular Security for Arbitrary
                  Length Key Cycles},
  booktitle    = {TCC},
  year	       = 2015,
  pages	       = {378-400}
}

@InProceedings{DBLP:conf/scn/MarcedoneO14,
  author       = {Antonio Marcedone and Claudio Orlandi},
  title	       = {Obfuscation ($\Rightarrow$) ({IND-CPA} Security
                  $!\Rightarrow$ Circular Security)},
  booktitle    = {SCN},
  year	       = 2014,
  pages	       = {77-90}
}

@Book{katz14:_introd_moder_crypt,
  author       = {Jonathan Katz and Yehuda Lindell},
  title	       = {Introduction to Modern Cryptography},
  publisher    = {Chapman and Hall/CRC Press},
  year	       = 2014,
  edition      = {Second},
  month	       = {November}
}

@InProceedings{DBLP:conf/stoc/SahaiW14,
  author       = {Amit Sahai and Brent Waters},
  title	       = {How to use indistinguishability obfuscation:
                  deniable encryption, and more},
  booktitle    = {STOC},
  year	       = 2014,
  pages	       = {475-484}
}

@InProceedings{DBLP:conf/pkc/BoyleGI14,
  author       = {Elette Boyle and Shafi Goldwasser and Ioana Ivan},
  title	       = {Functional Signatures and Pseudorandom Functions},
  booktitle    = {PKC},
  year	       = 2014,
  pages	       = {501-519}
}

@InProceedings{DBLP:conf/ccs/KiayiasPTZ13,
  author       = {Aggelos Kiayias and Stavros Papadopoulos and Nikos
                  Triandopoulos and Thomas Zacharias},
  title	       = {Delegatable pseudorandom functions and applications},
  booktitle    = {CCS},
  year	       = 2013,
  pages	       = {669-684}
}

@InProceedings{DBLP:conf/asiacrypt/BonehW13,
  author       = {Dan Boneh and Brent Waters},
  title	       = {Constrained Pseudorandom Functions and Their
                  Applications},
  booktitle    = {ASIACRYPT},
  year	       = 2013,
  pages	       = {280-300}
}

@InProceedings{DBLP:conf/ccs/FujiokaSXY13,
  author       = {Atsushi Fujioka and Koutarou Suzuki and Keita Xagawa
                  and Kazuki Yoneyama},
  title	       = {Practical and post-quantum authenticated key
                  exchange from one-way secure key encapsulation
                  mechanism},
  booktitle    = {ASIACCS},
  year	       = 2013,
  pages	       = {83-94}
}

@InProceedings{DBLP:conf/focs/GargGH0SW13,
  author       = {Sanjam Garg and Craig Gentry and Shai Halevi and
                  Mariana Raykova and Amit Sahai and Brent Waters},
  title	       = {Candidate Indistinguishability Obfuscation and
                  Functional Encryption for all Circuits},
  booktitle    = {FOCS},
  year	       = 2013,
  pages	       = {40-49}
}

@InProceedings{DBLP:conf/pkc/CashGH12,
  author       = {David Cash and Matthew Green and Susan Hohenberger},
  title	       = {New Definitions and Separations for Circular
                  Security},
  booktitle    = {PKC 2012},
  year	       = 2012,
  pages	       = {540-557}
}

@InProceedings{DBLP:conf/eurocrypt/BellareKPW12,
  author       = {Mihir Bellare and Eike Kiltz and Chris Peikert and
                  Brent Waters},
  title	       = {Identity-Based (Lossy) Trapdoor Functions and
                  Applications},
  booktitle    = {EUROCRYPT},
  year	       = 2012,
  pages	       = {228-245}
}

@InProceedings{DBLP:conf/eurocrypt/Hofheinz12,
  author       = {Dennis Hofheinz},
  title	       = {All-But-Many Lossy Trapdoor Functions},
  booktitle    = {EUROCRYPT},
  year	       = 2012,
  pages	       = {209-227}
}

@Misc{cryptoeprint:2011:066,
  author       = {Markus Duermuth and David Mandell Freeman},
  title	       = {Deniable Encryption with Negligible Detection
                  Probability: An Interactive Construction},
  howpublished = {Cryptology ePrint Archive, Report 2011/066},
  year	       = 2011,
  note	       = {\url{http://eprint.iacr.org/}}
}

@InProceedings{DBLP:conf/asiacrypt/BendlinNNO11,
  author       = {Rikke Bendlin and Jesper Buus Nielsen and Peter
                  Sebastian Nordholt and Claudio Orlandi},
  title	       = {Lower and Upper Bounds for Deniable Public-Key
                  Encryption},
  booktitle    = {ASIACRYPT},
  year	       = 2011,
  pages	       = {125-142}
}

@InProceedings{DBLP:conf/asiacrypt/HemenwayLOV11,
  author       = {Brett Hemenway and Benoit Libert and Rafail
                  Ostrovsky and Damien Vergnaud},
  title	       = {Lossy Encryption: Constructions from General
                  Assumptions and Efficient  Opening Chosen
                  Ciphertext Security},
  booktitle    = {ASIACRYPT},
  year	       = 2011
}

@InProceedings{DBLP:conf/crypto/ONeillPW11,
  author       = {Adam O'Neill and Chris Peikert and Brent Waters},
  title	       = {Bi-Deniable Public-Key Encryption},
  booktitle    = {CRYPTO},
  year	       = 2011,
  pages	       = {525-542}
}

@InProceedings{DBLP:conf/crypto/AsharovLR11,
  author       = {Gilad Asharov and Yehuda Lindell and Tal Rabin},
  title	       = {Perfectly-Secure Multiplication for Any {\it $<$
                  n}/3},
  booktitle    = {CRYPTO},
  year	       = 2011,
  pages	       = {240-258}
}

@InProceedings{DBLP:conf/icalp/AroraG11,
  author       = {Sanjeev Arora and Rong Ge},
  title	       = {New Algorithms for Learning in Presence of Errors},
  booktitle    = {ICALP (1)},
  year	       = 2011,
  pages	       = {403-415}
}

@InProceedings{DBLP:conf/eurocrypt/KiltzPCJV11,
  author       = {Eike Kiltz and Krzysztof Pietrzak and David Cash and
                  Abhishek Jain and Daniele Venturi},
  title	       = {Efficient Authentication from Hard Learning
                  Problems},
  booktitle    = {EUROCRYPT},
  year	       = 2011,
  pages	       = {7-26}
}

@InProceedings{DBLP:conf/eurocrypt/Applebaum11,
  author       = {Benny Applebaum},
  title	       = {Key-Dependent Message Security: Generic
                  Amplification and Completeness},
  booktitle    = {EUROCRYPT},
  year	       = 2011,
  pages	       = {527-546}
}

@InProceedings{DBLP:conf/tcc/Rothblum11,
	author    = {Ron Rothblum},
	title     = {Homomorphic Encryption: From Private-Key to Public-Key},
	booktitle = {TCC},
	year      =  2011,
	pages     = {219-234},
}


@InProceedings{DBLP:conf/eurocrypt/MalkinTY11,
  author       = {Tal Malkin and Isamu Teranishi and Moti Yung},
  title	       = {Efficient Circuit-Size Independent Public Key
                  Encryption with {KDM} Security},
  booktitle    = {EUROCRYPT},
  year	       = 2011,
  pages	       = {507-526}
}

@InProceedings{DBLP:conf/eurocrypt/DurmuthF11,
  author       = {Markus D{\"u}rmuth and David Mandell Freeman},
  title	       = {Deniable Encryption with Negligible Detection
                  Probability: An Interactive Construction},
  booktitle    = {EUROCRYPT},
  year	       = 2011,
  pages	       = {610-626}
}

@InProceedings{DBLP:conf/tcc/BellareWY11,
  author       = {Mihir Bellare and Brent Waters and Scott Yilek},
  title	       = {Identity-Based Encryption Secure against Selective
                  Opening Attack},
  booktitle    = {TCC},
  year	       = 2011,
  pages	       = {235-252}
}

@InProceedings{DBLP:conf/tcc/BrakerskiGK11,
  author       = {Zvika Brakerski and Shafi Goldwasser and Yael Tauman
                  Kalai},
  title	       = {Black-Box Circular-Secure Encryption beyond Affine
                  Functions},
  booktitle    = {TCC},
  year	       = 2011,
  pages	       = {201-218}
}

@Article{DBLP:journals/siamcomp/PeikertW11,
  author       = {Chris Peikert and Brent Waters},
  title	       = {Lossy Trapdoor Functions and Their Applications},
  journal      = {SIAM J. Comput.},
  volume       = 40,
  number       = 6,
  year	       = 2011,
  pages	       = {1803-1844},
  prelimyear   = 2008,
  note	       = {Preliminary version in STOC 2008}
}

@Article{DBLP:journals/joc/KatzSS10,
  author       = {Jonathan Katz and Ji Sun Shin and Adam Smith},
  title	       = {Parallel and Concurrent Security of the {HB} and
                  {HB}$^{\mbox{+}}$ Protocols},
  journal      = {J. Cryptology},
  volume       = 23,
  number       = 3,
  year	       = 2010,
  pages	       = {402-421},
  note	       = {Preliminary version in Eurocrypt 2006},
  prelimyear   = 2006
}

@InProceedings{DBLP:conf/eurocrypt/AcarBBC10,
  author       = {Tolga Acar and Mira Belenkiy and Mihir Bellare and
                  David Cash},
  title	       = {Cryptographic Agility and Its Relation to Circular
                  Encryption},
  booktitle    = {EUROCRYPT},
  year	       = 2010,
  pages	       = {403-422}
}

@InProceedings{DBLP:conf/crypto/BellareC10,
  author       = {Mihir Bellare and David Cash},
  title	       = {Pseudorandom Functions and Permutations Provably
                  Secure against Related-Key Attacks},
  booktitle    = {CRYPTO},
  year	       = 2010,
  pages	       = {666-684}
}

@InProceedings{DBLP:conf/crypto/BrakerskiG10,
  author       = {Zvika Brakerski and Shafi Goldwasser},
  title	       = {Circular and Leakage Resilient Public-Key Encryption
                  under Subgroup Indistinguishability - (or: Quadratic
                  Residuosity Strikes Back)},
  booktitle    = {CRYPTO},
  year	       = 2010,
  pages	       = {1-20}
}

@InProceedings{DBLP:conf/ccs/BonehMR10,
  author       = {Dan Boneh and Hart William Montgomery and Ananth
                  Raghunathan},
  title	       = {Algebraic pseudorandom functions with improved
                  efficiency from the augmented cascade},
  booktitle    = {ACM Conference on Computer and Communications
                  Security},
  year	       = 2010,
  pages	       = {131-140}
}

@InProceedings{DBLP:conf/eurocrypt/BarakHHI10,
  author       = {Boaz Barak and Iftach Haitner and Dennis Hofheinz
                  and Yuval Ishai},
  title	       = {Bounded Key-Dependent Message Security},
  booktitle    = {EUROCRYPT},
  year	       = 2010,
  pages	       = {423-444}
}

@InProceedings{DBLP:conf/eurocrypt/DijkGHV10,
  author       = {Marten van Dijk and Craig Gentry and Shai Halevi and
                  Vinod Vaikuntanathan},
  title	       = {Fully Homomorphic Encryption over the Integers},
  booktitle    = {EUROCRYPT},
  year	       = 2010,
  pages	       = {24-43}
}

@InProceedings{DBLP:conf/eurocrypt/KiltzMO10,
  author       = {Eike Kiltz and Payman Mohassel and Adam O'Neill},
  title	       = {Adaptive Trapdoor Functions and Chosen-Ciphertext
                  Security},
  booktitle    = {EUROCRYPT},
  year	       = 2010,
  pages	       = {673-692}
}

@InProceedings{DBLP:conf/eurocrypt/AlwenDNSWW10,
  author       = {Jo{\"e}l Alwen and Yevgeniy Dodis and Moni Naor and
                  Gil Segev and Shabsi Walfish and Daniel Wichs},
  title	       = {Public-Key Encryption in the Bounded-Retrieval
                  Model},
  booktitle    = {EUROCRYPT},
  year	       = 2010,
  pages	       = {113-134}
}

@InProceedings{DBLP:conf/tcc/LyubashevskyPS10,
  author       = {Vadim Lyubashevsky and Adriana Palacio and Gil
                  Segev},
  title	       = {Public-Key Cryptographic Primitives Provably as
                  Secure as Subset Sum},
  booktitle    = {TCC},
  year	       = 2010,
  pages	       = {382-400}
}

@InProceedings{DBLP:conf/tcc/AbdallaBN10,
  author       = {Michel Abdalla and Mihir Bellare and Gregory Neven},
  title	       = {Robust Encryption},
  booktitle    = {TCC},
  year	       = 2010,
  pages	       = {480-497}
}
                  
@InProceedings{DBLP:conf/tcc/DodisGKPV10,
  author       = {Yevgeniy Dodis and Shafi Goldwasser and Yael Tauman
                  Kalai and Chris Peikert and Vinod Vaikuntanathan},
  title	       = {Public-Key Encryption Schemes with Auxiliary Inputs},
  booktitle    = {TCC},
  year	       = 2010,
  pages	       = {361-381}
}

@InProceedings{DBLP:conf/ccs/LewkoW09,
  author       = {Allison B. Lewko and Brent Waters},
  title	       = {Efficient pseudorandom functions from the decisional
                  linear assumption and weaker variants},
  booktitle    = {ACM Conference on Computer and Communications
                  Security},
  year	       = 2009,
  pages	       = {112-120}
}

@InProceedings{DBLP:conf/asiacrypt/ChoiDMW09,
  author       = {Seung Geol Choi and Dana Dachman-Soled and Tal
                  Malkin and Hoeteck Wee},
  title	       = {Improved Non-committing Encryption with Applications
                  to Adaptively Secure Protocols},
  booktitle    = {ASIACRYPT},
  year	       = 2009,
  pages	       = {287-302}
}

@InProceedings{DBLP:conf/crypto/GarayWZ09,
  author       = {Juan A. Garay and Daniel Wichs and Hong-Sheng Zhou},
  title	       = {Somewhat Non-committing Encryption and Efficient
                  Adaptively Secure Oblivious Transfer},
  booktitle    = {CRYPTO},
  year	       = 2009,
  pages	       = {505-523}
}

@InProceedings{alwen09:_survey,
  author       = {Joel Alwen and Yevgeniy Dodis and Daniel Wichs},
  title	       = {Survey: Leakage Resilience and the Bounded Retrieval
                  Model},
  booktitle    = {ICITS},
  year	       = 2009
}

@InProceedings{DBLP:conf/crypto/HohenbergerW09,
  author       = {Susan Hohenberger and Brent Waters},
  title	       = {Short and Stateless Signatures from the {RSA}
                  Assumption},
  booktitle    = {CRYPTO},
  year	       = 2009,
  pages	       = {654-670}
}
                  
@InProceedings{DBLP:conf/crypto/LeurentN09,
  author       = {Ga{\"e}tan Leurent and Phong Q. Nguyen},
  title	       = {How Risky Is the Random-Oracle Model?},
  booktitle    = {CRYPTO},
  year	       = 2009,
  pages	       = {445-464}
}
                  
@InProceedings{DBLP:conf/eurocrypt/BellareHY09,
  author       = {Mihir Bellare and Dennis Hofheinz and Scott Yilek},
  title	       = {Possibility and Impossibility Results for Encryption
                  and Commitment Secure under Selective Opening},
  booktitle    = {EUROCRYPT},
  year	       = 2009,
  pages	       = {1-35}
}
                  
@InProceedings{DBLP:conf/eurocrypt/HohenbergerW09,
  author       = {Susan Hohenberger and Brent Waters},
  title	       = {Realizing Hash-and-Sign Signatures under Standard
                  Assumptions},
  booktitle    = {EUROCRYPT},
  year	       = 2009,
  pages	       = {333-350}
}

@InProceedings{DBLP:conf/crypto/NaorS09,
  author       = {Moni Naor and Gil Segev},
  title	       = {Public-Key Cryptosystems Resilient to Key Leakage},
  booktitle    = {CRYPTO},
  year	       = 2009,
  pages	       = {18-35}
}

@InProceedings{DBLP:conf/tcc/HaitnerH09,
  author       = {Iftach Haitner and Thomas Holenstein},
  title	       = {On the (Im)Possibility of Key Dependent Encryption},
  booktitle    = {TCC},
  year	       = 2009,
  pages	       = {202-219}
}

@InProceedings{DBLP:conf/tcc/RosenS09,
  author       = {Alon Rosen and Gil Segev},
  title	       = {Chosen-Ciphertext Security via Correlated Products},
  booktitle    = {TCC},
  year	       = 2009,
  pages	       = {419-436}
}


@Article{DBLP:journals/jacm/Regev09,
	author       = {Oded Regev},
	title	       = {On lattices, learning with errors, random linear
	codes, and cryptography},
	journal      = {J.~ACM},
	volume       = 56,
	number       = 6,
	year	       = 2009,
	note	       = {Preliminary version in STOC 2005},
	prelimyear   = 2005,
	pages	       = {1-40}
}

@InProceedings{DBLP:conf/crypto/BonehHHO08,
  author       = {Dan Boneh and Shai Halevi and Michael Hamburg and
                  Rafail Ostrovsky},
  title	       = {Circular-Secure Encryption from Decision
                  {Diffie}-{Hellman}},
  booktitle    = {CRYPTO},
  year	       = 2008,
  pages	       = {108-125}
}

@InProceedings{DBLP:conf/eurocrypt/GrothS08,
  author       = {Jens Groth and Amit Sahai},
  title	       = {Efficient Non-interactive Proof Systems for Bilinear
                  Groups},
  booktitle    = {EUROCRYPT},
  year	       = 2008,
  pages	       = {415-432}
}

@InProceedings{DBLP:conf/stoc/GentryPV08,
	author    = {Craig Gentry and
	Chris Peikert and
	Vinod Vaikuntanathan},
	title     = {Trapdoors for hard lattices and new cryptographic constructions},
	booktitle = {{STOC}},
	year      = {2008},
	pages     = {197--206}
}

@InProceedings{DBLP:conf/stoc/PeikertW08,
  author       = {Chris Peikert and Brent Waters},
  title	       = {Lossy trapdoor functions and their applications},
  booktitle    = {STOC},
  year	       = 2008,
  pages	       = {187-196}
}

@InProceedings{DBLP:conf/crypto/BoldyrevaFO08,
  author       = {Alexandra Boldyreva and Serge Fehr and Adam O'Neill},
  title	       = {On Notions of Security for Deterministic Encryption,
                  and Efficient Constructions without Random Oracles},
  booktitle    = {CRYPTO},
  year	       = 2008,
  pages	       = {335-359}
}
                  
@InProceedings{DBLP:conf/crypto/PeikertVW08,
  author       = {Chris Peikert and Vinod Vaikuntanathan and Brent
                  Waters},
  title	       = {A Framework for Efficient and Composable Oblivious
                  Transfer},
  booktitle    = {CRYPTO},
  year	       = 2008,
  pages	       = {554-571}
}

@InProceedings{DBLP:conf/ccs/BoldyrevaGK08,
  author       = {Alexandra Boldyreva and Vipul Goyal and Virendra
                  Kumar},
  title	       = {Identity-based encryption with efficient revocation},
  booktitle    = {ACM Conference on Computer and Communications
                  Security},
  year	       = 2008,
  pages	       = {417-426}
}

@InProceedings{DBLP:conf/focs/DziembowskiP08,
  author       = {Stefan Dziembowski and Krzysztof Pietrzak},
  title	       = {Leakage-Resilient Cryptography},
  booktitle    = {FOCS},
  year	       = 2008,
  pages	       = {293-302}
}

@Article{DBLP:journals/siamcomp/DodisORS08,
  author       = {Yevgeniy Dodis and Rafail Ostrovsky and Leonid
                  Reyzin and Adam Smith},
  title	       = {Fuzzy Extractors: How to Generate Strong Keys from
                  Biometrics and Other Noisy Data},
  journal      = {SIAM J.~Comput.},
  volume       = 38,
  number       = 1,
  year	       = 2008,
  pages	       = {97-139},
  note	       = {Preliminary version in EUROCRYPT 2004},
  prelimyear   = 2004
}

@Misc{sha3SIMD,
  author       = {Ga{\"e}tan Leurent and Charles Bouillaguet and
                  Pierre-Alain Fouque},
  title	       = {{SIMD Is a Message Digest}},
  note	       = {\url{http://www.di.ens.fr/~leurent/files/SIMD.pdf}},
  howpublished = {Submission to NIST},
  year	       = 2008
}

@Article{DBLP:journals/joc/CanettiHK07,
  author       = {Ran Canetti and Shai Halevi and Jonathan Katz},
  title	       = {A Forward-Secure Public-Key Encryption Scheme},
  journal      = {J. Cryptology},
  volume       = 20,
  number       = 3,
  year	       = 2007,
  pages	       = {265-294},
  note	       = {Preliminary version in EUROCRYPT 2003},
  prelimyear   = 2003
}

@InProceedings{DBLP:conf/acns/HuangWZ07,
  author       = {Qiong Huang and Duncan S. Wong and Yiming Zhao},
  title	       = {Generic Transformation to Strongly Unforgeable
                  Signatures},
  booktitle    = {ACNS},
  year	       = 2007,
  pages	       = {1-17}
}

@InProceedings{DBLP:conf/eurocrypt/RogawayS06,
  author       = {Phillip Rogaway and Thomas Shrimpton},
  title	       = {A Provable-Security Treatment of the Key-Wrap
                  Problem},
  booktitle    = {EUROCRYPT},
  year	       = 2006,
  pages	       = {373-390}
}

@InProceedings{DBLP:conf/eurocrypt/AlmansaDN06,
  author       = {Jes{\'u}s F. Almansa and Ivan Damg{\aa}rd and Jesper
                  Buus Nielsen},
  title	       = {Simplified Threshold {RSA} with Adaptive and
                  Proactive Security},
  booktitle    = {EUROCRYPT},
  year	       = 2006,
  pages	       = {593-611}
}

@InProceedings{DBLP:conf/eurocrypt/GrothOS06,
  author       = {Jens Groth and Rafail Ostrovsky and Amit Sahai},
  title	       = {Perfect Non-interactive Zero Knowledge for {NP}},
  booktitle    = {EUROCRYPT},
  year	       = 2006,
  pages	       = {339-358}
}

@InProceedings{DBLP:conf/stoc/AkaviaGGM06,
  author       = {Adi Akavia and Oded Goldreich and Shafi Goldwasser
                  and Dana Moshkovitz},
  title	       = {On basing one-way functions on {NP}-hardness},
  booktitle    = {STOC},
  year	       = 2006,
  pages	       = {701-710}
}

@InProceedings{DBLP:conf/eurocrypt/KatzS06,
  author       = {Jonathan Katz and Ji Sun Shin},
  title	       = {Parallel and Concurrent Security of the {HB} and
                  {HB}$^{\mbox{+}}$ Protocols},
  booktitle    = {EUROCRYPT},
  year	       = 2006,
  pages	       = {73-87}
}
                  
@InProceedings{DBLP:conf/pkc/ChatterjeeS06,
  author       = {Sanjit Chatterjee and Palash Sarkar},
  title	       = {Generalization of the Selective-{ID} Security Model
                  for {HIBE} Protocols},
  booktitle    = {Public Key Cryptography},
  year	       = 2006,
  pages	       = {241-256}
}

@InProceedings{DBLP:conf/ccs/GoyalPSW06,
  author       = {Vipul Goyal and Omkant Pandey and Amit Sahai and
                  Brent Waters},
  title	       = {Attribute-based encryption for fine-grained access
                  control of encrypted data},
  booktitle    = {CCS},
  year	       = 2006,
  pages	       = {89-98}
}

@Article{DBLP:journals/ijisec/GalindoMMV05,
  author       = {David Galindo and Sebasti{\`a} Mart\'{\i}n
                  Mollev\'{\i} and Paz Morillo and Jorge Luis Villar},
  title	       = {{Fujisaki}-{Okamoto} hybrid encryption revisited},
  journal      = {Int. J. Inf. Sec.},
  year	       = 2005,
  volume       = 4,
  number       = 4,
  pages	       = {228-241}
}

@InProceedings{DBLP:conf/crypto/Krawczyk05,
  author       = {Hugo Krawczyk},
  title	       = {{HMQV}: A High-Performance Secure {Diffie-Hellman}
                  Protocol},
  booktitle    = {CRYPTO},
  year	       = 2005,
  pages	       = {546-566}
}

@InProceedings{DBLP:conf/eurocrypt/SahaiW05,
  author       = {Amit Sahai and Brent Waters},
  title	       = {Fuzzy Identity-Based Encryption},
  booktitle    = {EUROCRYPT},
  year	       = 2005,
  pages	       = {457-473}
}

@InProceedings{DBLP:conf/icalp/GentryR05,
	author    = {Craig Gentry and
	Zulfikar Ramzan},
	title     = {Single-Database Private Information Retrieval with Constant Communication
	Rate},
	booktitle = {{ICALP}},
	year      = {2005},
	pages     = {803-815}
}

@InProceedings{DBLP:conf/eurocrypt/AbeGKS05,
  author       = {Masayuki Abe and Rosario Gennaro and Kaoru Kurosawa
                  and Victor Shoup},
  title	       = {Tag-{KEM}/{DEM}: A New Framework for Hybrid
                  Encryption and A New Analysis of
                  {Kurosawa}-{Desmedt} {KEM}},
  booktitle    = {EUROCRYPT},
  year	       = 2005,
  pages	       = {128-146}
}

@InProceedings{DBLP:conf/esorics/AdaoBHS05,
  author       = {Pedro Ad{\~a}o and Gergei Bana and Jonathan Herzog
                  and Andre Scedrov},
  title	       = {Soundness of Formal Encryption in the Presence of
                  Key-Cycles},
  booktitle    = {ESORICS},
  year	       = 2005,
  pages	       = {374-396}
}

@InProceedings{DBLP:conf/tcc/MicaliPSW05,
  author       = {Silvio Micali and Chris Peikert and Madhu Sudan and
                  David A. Wilson},
  title	       = {Optimal Error Correction Against Computationally
                  Bounded Noise},
  booktitle    = {TCC},
  year	       = 2005,
  pages	       = {1-16}
}

@InProceedings{DBLP:conf/crypto/JuelsW05,
  author       = {Ari Juels and Stephen A. Weis},
  title	       = {Authenticating Pervasive Devices with Human
                  Protocols},
  booktitle    = {CRYPTO},
  year	       = 2005,
  pages	       = {293-308}
}

@InProceedings{DBLP:conf/tcc/CanettiHK05,
  author       = {Ran Canetti and Shai Halevi and Jonathan Katz},
  title	       = {Adaptively-Secure, Non-interactive Public-Key
                  Encryption},
  booktitle    = {TCC},
  year	       = 2005,
  pages	       = {150-168}
}

@InProceedings{DBLP:conf/chi/GarfinkelMSNM05,
  author       = {Simson L. Garfinkel and David Margrave and Jeffrey
                  I. Schiller and Erik Nordlander and Robert
                  C. Miller},
  title	       = {How to make secure email easier to use},
  booktitle    = {CHI},
  year	       = 2005,
  pages	       = {701-710}
}

@InProceedings{DBLP:conf/csfw/Canetti04,
  author       = {Ran Canetti},
  title	       = {Universally Composable Signature, Certification, and
                  Authentication},
  booktitle    = {CSFW},
  year	       = 2004,
  pages	       = {219-}
}

@InProceedings{DBLP:conf/podc/LepinskiMP04,
  author       = {Matt Lepinski and Silvio Micali and Chris Peikert
                  and Abhi Shelat},
  title	       = {Completely fair {SFE} and coalition-safe cheap talk},
  booktitle    = {PODC},
  year	       = 2004,
  pages	       = {1-10}
}

@InProceedings{DBLP:conf/tcc/MicaliR04,
  author       = {Silvio Micali and Leonid Reyzin},
  title	       = {Physically Observable Cryptography (Extended
                  Abstract)},
  booktitle    = {TCC},
  year	       = 2004,
  pages	       = {278-296}
}

@Article{DBLP:journals/jacm/NaorR04,
  author       = {Moni Naor and Omer Reingold},
  title	       = {Number-theoretic constructions of efficient
                  pseudo-random functions},
  journal      = {J. ACM},
  volume       = 51,
  number       = 2,
  year	       = 2004,
  pages	       = {231-262},
  note	       = {Preliminary version in FOCS 1997},
  prelimyear   = 1997
}

@Book{goldreich01:_found_crypt,
  author       = {Oded Goldreich},
  title	       = {Foundations of Cryptography},
  publisher    = {Cambridge University Press},
  year	       = 2001,
  volume       = {I}
}

@Book{goldreich04:_found_of_crypt,
  author       = {Oded Goldreich},
  title	       = {Foundations of Cryptography},
  publisher    = {Cambridge University Press},
  year	       = 2004,
  volume       = {II}
}

@Article{DBLP:journals/jacm/CanettiGH04,
  author       = {Ran Canetti and Oded Goldreich and Shai Halevi},
  title	       = {The random oracle methodology, revisited},
  journal      = {J. {ACM}},
  year	       = 2004,
  volume       = 51,
  number       = 4,
  pages	       = {557-594},
  note	       = {Preliminary version in STOC 1998},
  prelimyear   = 1998
}

@Article{DBLP:journals/dcc/LawMQSV03,
  author       = {Laurie Law and Alfred Menezes and Minghua Qu and
                  Jerome A. Solinas and Scott A. Vanstone},
  title	       = {An Efficient Protocol for Authenticated Key
                  Agreement},
  journal      = {Des. Codes Cryptography},
  year	       = 2003,
  volume       = 28,
  number       = 2,
  pages	       = {119-134}
}

@Article{DBLP:journals/siamcomp/CramerS03,
  author       = {Ronald Cramer and Victor Shoup},
  title	       = {Design and Analysis of Practical Public-Key
                  Encryption Schemes Secure against Adaptive Chosen
                  Ciphertext Attack},
  journal      = {SIAM J. Comput.},
  volume       = 33,
  number       = 1,
  year	       = 2003,
  pages	       = {167–226},
  prelimyear   = 1998,
  note	       = {Preliminary version in CRYPTO 1998}
}

@InProceedings{DBLP:conf/crypto/Krawczyk03,
  author       = {Hugo Krawczyk},
  title	       = {{SIGMA}: The '{SIGn}-and-{MAc}' Approach to
                  Authenticated {Diffie}-{Hellman} and Its Use in the
                  {IKE}-Protocols},
  booktitle    = {CRYPTO},
  year	       = 2003,
  pages	       = {400-425},
  note	       = {Full version at
                  \url{http://webee.technion.ac.il/~hugo/sigma.html}}
}

@InProceedings{DBLP:conf/crypto/CanettiR03,
  author       = {Ran Canetti and Tal Rabin},
  title	       = {Universal Composition with Joint State},
  booktitle    = {CRYPTO},
  year	       = 2003,
  pages	       = {265-281}
}

@InProceedings{DBLP:conf/ctrsa/BellareY03,
  author       = {Mihir Bellare and Bennet S. Yee},
  title	       = {Forward-Security in Private-Key Cryptography},
  booktitle    = {CT-RSA},
  year	       = 2003,
  pages	       = {1-18}
}

@Article{DBLP:journals/jacm/SahaiV03,
  author       = {Amit Sahai and Salil P. Vadhan},
  title	       = {A complete problem for statistical zero knowledge},
  journal      = {J. ACM},
  volume       = 50,
  number       = 2,
  year	       = 2003,
  pages	       = {196-249},
  note	       = {Preliminary version in FOCS 1997},
  prelimyear   = 1997
}

@InProceedings{DBLP:conf/focs/Alekhnovich03,
  author       = {Michael Alekhnovich},
  title	       = {More on Average Case vs Approximation Complexity},
  booktitle    = {FOCS},
  year	       = 2003,
  pages	       = {298-307}
}

@Article{DBLP:journals/jacm/DworkNRS03,
  author       = {Cynthia Dwork and Moni Naor and Omer Reingold and
                  Larry J. Stockmeyer},
  title	       = {Magic Functions},
  journal      = {J. ACM},
  volume       = 50,
  number       = 6,
  year	       = 2003,
  pages	       = {852-921},
  note	       = {Preliminary version in FOCS 1999},
  prelimyear   = 1999
}

@Article{DBLP:journals/jacm/BlumKW03,
  author       = {Avrim Blum and Adam Kalai and Hal Wasserman},
  title	       = {Noise-tolerant learning, the parity problem, and the
                  statistical query model},
  journal      = {J. ACM},
  volume       = 50,
  number       = 4,
  year	       = 2003,
  pages	       = {506-519},
}

@Article{DBLP:journals/siamcomp/BonehF03,
  author       = {Dan Boneh and Matthew K. Franklin},
  title	       = {Identity-Based Encryption from the {Weil} Pairing},
  journal      = {SIAM J. Comput.},
  volume       = 32,
  number       = 3,
  year	       = 2003,
  pages	       = {586-615},
  note	       = {Preliminary version in CRYPTO 2001},
  prelimyear   = 2001
}

@Article{DBLP:journals/joc/Shoup02,
  author       = {Victor Shoup},
  title	       = {{OAEP} Reconsidered},
  journal      = {J. Cryptology},
  volume       = 15,
  number       = 4,
  year	       = 2002,
  pages	       = {223-249},
  prelimyear   = 2001,
  note	       = {Preliminary version in CRYPTO 2001}
}

@InProceedings{DBLP:conf/crypto/CanettiK02,
  author       = {Ran Canetti and Hugo Krawczyk},
  title	       = {Security Analysis of {IKE}'s Signature-Based
                  Key-Exchange Protocol},
  booktitle    = {CRYPTO},
  year	       = 2002,
  pages	       = {143-161},
  note	       = {Full version at
                  \url{http://eprint.iacr.org/2002/120}}
}

@InProceedings{DBLP:conf/eurocrypt/CanettiK02,
  author       = {Ran Canetti and Hugo Krawczyk},
  title	       = {Universally Composable Notions of Key Exchange and
                  Secure Channels},
  booktitle    = {EUROCRYPT},
  year	       = 2002,
  pages	       = {337-351},
  note	       = {Full version at
                  \url{http://eprint.iacr.org/2002/059}}
}

@InProceedings{DBLP:conf/crypto/Nielsen02,
  author       = {Jesper Buus Nielsen},
  title	       = {Separating Random Oracle Proofs from Complexity
                  Theoretic Proofs: The Non-committing Encryption
                  Case},
  booktitle    = {CRYPTO},
  year	       = 2002,
  pages	       = {111-126}
}
                  
@InProceedings{DBLP:conf/eurocrypt/CramerS02,
  author       = {Ronald Cramer and Victor Shoup},
  title	       = {Universal Hash Proofs and a Paradigm for Adaptive
                  Chosen Ciphertext Secure Public-Key Encryption},
  booktitle    = {EUROCRYPT},
  year	       = 2002,
  pages	       = {45-64}
}
                  
@InProceedings{DBLP:conf/sacrypt/BlackRS02,
  author       = {John Black and Phillip Rogaway and Thomas Shrimpton},
  title	       = {Encryption-Scheme Security in the Presence of
                  Key-Dependent Messages},
  booktitle    = {Selected Areas in Cryptography},
  year	       = 2002,
  pages	       = {62-75}
}

@InProceedings{DBLP:conf/ctrsa/OkamotoP01,
  author       = {Tatsuaki Okamoto and David Pointcheval},
  title	       = {{REACT}: Rapid Enhanced-Security Asymmetric
                  Cryptosystem Transform},
  booktitle    = {CT-RSA},
  year	       = 2001,
  pages	       = {159-175}
}

@InProceedings{DBLP:conf/eurocrypt/CanettiK01,
  author       = {Ran Canetti and Hugo Krawczyk},
  title	       = {Analysis of Key-Exchange Protocols and Their Use for
                  Building Secure Channels},
  booktitle    = {EUROCRYPT},
  year	       = 2001,
  pages	       = {453-474},
  note	       = {Full version at
                  \url{http://eprint.iacr.org/2001/040}}
}

@InProceedings{DBLP:conf/calc/Howgrave-Graham01,
	author    = {Nick Howgrave{-}Graham},
	title     = {Approximate Integer Common Divisors},
	booktitle = {Cryptography and Lattices, International Conference (CaLC)},
	year      = {2001},
	pages     = {51-66}
}

@InProceedings{DBLP:conf/focs/Canetti01,
  author       = {Ran Canetti},
  title	       = {Universally Composable Security: A New Paradigm for
                  Cryptographic Protocols},
  booktitle    = {FOCS},
  year	       = 2001,
  pages	       = {136-145}
}

@Misc{cryptoeprint:2000:067,
  author       = {Ran Canetti},
  title	       = {Universally Composable Security: A New Paradigm for
                  Cryptographic Protocols},
  howpublished = {Cryptology ePrint Archive, Report 2000/067},
  year	       = 2000,
  note	       = {\url{http://eprint.iacr.org/}}
}

@InProceedings{DBLP:conf/eurocrypt/CamenischL01,
  author       = {Jan Camenisch and Anna Lysyanskaya},
  title	       = {An Efficient System for Non-transferable Anonymous
                  Credentials with Optional Anonymity Revocation},
  booktitle    = {EUROCRYPT},
  year	       = 2001,
  pages	       = {93-118}
}

@InProceedings{DBLP:conf/ima/Cocks01,
	author    = {Clifford Cocks},
	title     = {An Identity Based Encryption Scheme Based on Quadratic Residues},
	booktitle = {{IMA} Int. Conf.},
	year      = {2001},
	pages     = {360--363}

}

@InProceedings{DBLP:conf/calc/Coppersmith01,
  author       = {Don Coppersmith},
  title	       = {Finding Small Solutions to Small Degree Polynomials},
  booktitle    = {CaLC},
  year	       = 2001,
  pages	       = {20-31}
}

@InProceedings{DBLP:conf/asiacrypt/HopperB01,
  author       = {Nicholas J. Hopper and Manuel Blum},
  title	       = {Secure Human Identification Protocols},
  booktitle    = {ASIACRYPT},
  year	       = 2001,
  pages	       = {52-66}
}

@InProceedings{DBLP:conf/crypto/ShamirT01,
  author       = {Adi Shamir and Yael Tauman},
  title	       = {Improved Online/Offline Signature Schemes},
  booktitle    = {CRYPTO},
  year	       = 2001,
  pages	       = {355-367}
}

@InProceedings{DBLP:conf/asiacrypt/BellareBDP01,
  author       = {Mihir Bellare and Alexandra Boldyreva and Anand
                  Desai and David Pointcheval},
  title	       = {Key-Privacy in Public-Key Encryption},
  booktitle    = {ASIACRYPT},
  year	       = 2001,
  pages	       = {566-582}
}

@Article{DBLP:journals/joc/LenstraV01,
  author       = {Arjen K. Lenstra and Eric R. Verheul},
  title	       = {Selecting Cryptographic Key Sizes},
  journal      = {J. Cryptology},
  year	       = 2001,
  volume       = 14,
  pages	       = {255-293},
  number       = 4
} 

@Article{DBLP:journals/siamcomp/NaorRR02,
  author       = {Moni Naor and Omer Reingold and Alon Rosen},
  title	       = {Pseudorandom Functions and Factoring},
  journal      = {SIAM J. Comput.},
  volume       = 31,
  number       = 5,
  year	       = 2002,
  pages	       = {1383-1404},
  note	       = {Preliminary version in STOC 2000},
  prelimyear   = 2000
}

@InProceedings{DBLP:conf/ctrsa/AbdallaBR01,
  author       = {Michel Abdalla and Mihir Bellare and Phillip
                  Rogaway},
  title	       = {The Oracle {Diffie}-{Hellman} Assumptions and an
                  Analysis of {DHIES}},
  booktitle    = {CT-RSA},
  year	       = 2001,
  pages	       = {143-158}
}

@InProceedings{DBLP:conf/eurocrypt/Shoup00,
  author       = {Victor Shoup},
  title	       = {Practical Threshold Signatures},
  booktitle    = {EUROCRYPT},
  year	       = 2000,
  pages	       = {207-220}
}

@Article{DBLP:journals/ita/MereghettiP00,
  author       = {Carlo Mereghetti and Beatrice Palano},
  title	       = {Threshold circuits for iterated matrix product and
                  powering},
  journal      = {ITA},
  volume       = 34,
  number       = 1,
  year	       = 2000,
  pages	       = {39-46}
}

@Article{DBLP:journals/siamcomp/DolevDN00,
  author       = {Danny Dolev and Cynthia Dwork and Moni Naor},
  title	       = {Nonmalleable Cryptography},
  journal      = {SIAM J. Comput.},
  year	       = 2000,
  volume       = 30,
  number       = 2,
  pages	       = {391-437},
  note	       = {Preliminary version in STOC 1991},
  prelimyear   = 1991
}

@InProceedings{DBLP:conf/ndss/KrawczykR00,
  author       = {Hugo Krawczyk and Tal Rabin},
  title	       = {Chameleon Signatures},
  booktitle    = {NDSS},
  year	       = 2000
}

@InProceedings{DBLP:conf/eurocrypt/KushilevitzO00,
	author    = {Eyal Kushilevitz and
	Rafail Ostrovsky},
	title     = {One-Way Trapdoor Permutations Are Sufficient for Non-trivial Single-Server
	Private Information Retrieval},
	booktitle = {{EUROCRYPT}},
	year      = {2000},
	pages     = {104-121}
}

@InProceedings{DBLP:conf/crypto/Coron00,
  author       = {Jean-S{\'e}bastien Coron},
  title	       = {On the Exact Security of Full Domain Hash},
  booktitle    = {CRYPTO},
  year	       = 2000,
  pages	       = {229-235}
}

@Article{DBLP:journals/tissec/CramerS00,
  author       = {Ronald Cramer and Victor Shoup},
  title	       = {Signature schemes based on the strong {RSA}
                  assumption},
  journal      = {ACM Trans. Inf. Syst. Secur.},
  volume       = 3,
  number       = 3,
  year	       = 2000,
  pages	       = {161-185},
  note	       = {Preliminary version in CCS 1999},
  prelimyear   = 1999
}

@article{DBLP:journals/joc/PointchevalS00,
	author    = {David Pointcheval and
	Jacques Stern},
	title     = {Security Arguments for Digital Signatures and Blind Signatures},
	journal   = {J. Cryptology},
	year      = {2000},
	volume    = {13},
	number    = {3},
	pages     = {361--396}

}

@inproceedings{DBLP:conf/stoc/CanettiGGM00,
	author    = {Ran Canetti and
	Oded Goldreich and
	Shafi Goldwasser and
	Silvio Micali},
	title     = {Resettable Zero-Knowledge (Extended Abstract)},
	booktitle = {{STOC}},	
	year      = {2000},
	pages     = {235-244}
}

@InProceedings{DBLP:conf/crypto/DamgardN00,
  author       = {Ivan Damg{\aa}rd and Jesper Buus Nielsen},
  title	       = {Improved Non-committing Encryption Schemes Based on
                  a General Complexity Assumption},
  booktitle    = {CRYPTO},
  year	       = 2000,
  pages	       = {432-450}
}

@InProceedings{DBLP:conf/eurocrypt/Shoup00a,
  author       = {Victor Shoup},
  title	       = {Using Hash Functions as a Hedge against Chosen
                  Ciphertext Attack},
  booktitle    = {EUROCRYPT},
  year	       = 2000,
  pages	       = {275-288}
}

@Misc{cryptoeprint:1999:012,
  author       = {Victor Shoup},
  title	       = {On Formal Models for Secure Key Exchange},
  howpublished = {Cryptology ePrint Archive, Report 1999/012},
  year	       = 1999,
  note	       = {\url{http://eprint.iacr.org/}}
}

@InProceedings{DBLP:conf/eurocrypt/Paillier99,
  author       = {Pascal Paillier},
  title	       = {Public-Key Cryptosystems Based on Composite Degree
                  Residuosity Classes},
  booktitle    = {EUROCRYPT},
  year	       = 1999,
  pages	       = {223-238}
}

@InProceedings{DBLP:conf/eurocrypt/CachinMS99,
	author    = {Christian Cachin and
	Silvio Micali and
	Markus Stadler},
	title     = {Computationally Private Information Retrieval with Polylogarithmic
	Communication},
	booktitle = {{EUROCRYPT}},
	year      = {1999},
	pages     = {402-414}
}

@InProceedings{DBLP:conf/eurocrypt/NaorPR99,
  author       = {Moni Naor and Benny Pinkas and Omer Reingold},
  title	       = {Distributed Pseudo-random Functions and {KDC}s},
  booktitle    = {EUROCRYPT},
  year	       = 1999,
  pages	       = {327-346}
}

@Article{DBLP:journals/siamcomp/FeigeLS99,
  author       = {Uriel Feige and Dror Lapidot and Adi Shamir},
  title	       = {Multiple NonInteractive Zero Knowledge Proofs Under
                  General Assumptions},
  journal      = {SIAM J. Comput.},
  volume       = 29,
  number       = 1,
  year	       = 1999,
  pages	       = {1-28},
  prelimyear   = 1990,
  note	       = {Preliminary version in FOCS 1990}
}

@InProceedings{DBLP:conf/crypto/BellareM99,
  author       = {Mihir Bellare and Sara K. Miner},
  title	       = {A Forward-Secure Digital Signature Scheme},
  booktitle    = {CRYPTO},
  year	       = 1999,
  pages	       = {431-448}
}

@Article{DBLP:journals/siamcomp/HastadILL99,
  author       = {Johan H{\aa}stad and Russell Impagliazzo and Leonid
                  A. Levin and Michael Luby},
  title	       = {A Pseudorandom Generator from any One-way Function},
  journal      = {SIAM J. Comput.},
  volume       = 28,
  number       = 4,
  year	       = 1999,
  pages	       = {1364-1396}
}

@Article{DBLP:journals/jcss/NaorR99,
  author       = {Moni Naor and Omer Reingold},
  title	       = {Synthesizers and Their Application to the Parallel
                  Construction of Pseudo-Random Functions},
  journal      = {J. Comput. Syst. Sci.},
  volume       = 58,
  number       = 2,
  year	       = 1999,
  pages	       = {336-375},
  note	       = {Preliminary version in FOCS 1995},
  prelimyear   = 1995
}

@Article{DBLP:journals/joc/NaorR99,
  author       = {Moni Naor and Omer Reingold},
  title	       = {On the Construction of Pseudorandom Permutations:
                  {Luby-Rackoff} Revisited},
  journal      = {J. Cryptology},
  volume       = 12,
  number       = 1,
  year	       = 1999,
  pages	       = {29-66},
  note	       = {Preliminary version in STOC 1997},
  prelimyear   = 1997
}

@InProceedings{DBLP:conf/eurocrypt/CanettiG99,
  author       = {Ran Canetti and Shafi Goldwasser},
  title	       = {An Efficient {\it Threshold} Public Key Cryptosystem
                  Secure Against Adaptive Chosen Ciphertext Attack},
  booktitle    = {EUROCRYPT},
  year	       = 1999,
  pages	       = {90-106}
}

@InProceedings{DBLP:conf/eurocrypt/GennaroHR99,
  author       = {Rosario Gennaro and Shai Halevi and Tal Rabin},
  title	       = {Secure Hash-and-Sign Signatures Without the Random
                  Oracle},
  booktitle    = {EUROCRYPT},
  year	       = 1999,
  pages	       = {123-139}
}

@InProceedings{DBLP:conf/crypto/FujisakiO99,
  author       = {Eiichiro Fujisaki and Tatsuaki Okamoto},
  title	       = {Secure Integration of Asymmetric and Symmetric
                  Encryption Schemes},
  booktitle    = {CRYPTO},
  year	       = 1999,
  pages	       = {537-554}
}

@InProceedings{DBLP:conf/pkc/FujisakiO99,
  author       = {Eiichiro Fujisaki and Tatsuaki Okamoto},
  title	       = {How to Enhance the Security of Public-Key Encryption
                  at Minimum Cost},
  booktitle    = {Public Key Cryptography},
  year	       = 1999,
  pages	       = {53-68}
}

@InProceedings{DBLP:conf/crypto/BellareDPR98,
  author       = {Mihir Bellare and Anand Desai and David Pointcheval
                  and Phillip Rogaway},
  title	       = {Relations Among Notions of Security for Public-Key
                  Encryption Schemes},
  booktitle    = {CRYPTO},
  year	       = 1998,
  pages	       = {26-45}
}

@InProceedings{DBLP:conf/stoc/BellareCK98,
  author       = {Mihir Bellare and Ran Canetti and Hugo Krawczyk},
  title	       = {A Modular Approach to the Design and Analysis of
                  Authentication and Key Exchange Protocols (Extended
                  Abstract)},
  booktitle    = {STOC},
  year	       = 1998,
  pages	       = {419-428}
}

@MastersThesis{Fehr98,
  author       = {Serge Fehr},
  title	       = {Span Programs over Rings and How to Share a Secret
                  from a Module},
  year	       = 1998,
  address      = {Institute for Theoretical Computer Science},
  school       = {ETH Zurich}
}

@InProceedings{DBLP:conf/asiacrypt/BonehDF98,
  author       = {Dan Boneh and Glenn Durfee and Yair Frankel},
  title	       = {An Attack on {RSA} Given a Small Fraction of the
                  Private Key Bits},
  booktitle    = {ASIACRYPT},
  year	       = 1998,
  pages	       = {25-34}
}

@InProceedings{DBLP:conf/crypto/CramerS98,
  author       = {Ronald Cramer and Victor Shoup},
  title	       = {A Practical Public Key Cryptosystem Provably Secure
                  Against Adaptive Chosen Ciphertext Attack},
  booktitle    = {CRYPTO},
  year	       = 1998,
  pages	       = {13-25}
}
                  
@InProceedings{DBLP:conf/icics/BellareR97,
  author       = {Mihir Bellare and Phillip Rogaway},
  title	       = {Minimizing the use of random oracles in
                  authenticated encryption schemes},
  booktitle    = {ICICS},
  year	       = 1997,
  pages	       = {1-16}
}

@Article{DBLP:journals/joc/Coppersmith97,
  author       = {Don Coppersmith},
  title	       = {Small Solutions to Polynomial Equations, and Low
                  Exponent {RSA} Vulnerabilities},
  journal      = {J. Cryptology},
  volume       = 10,
  number       = 4,
  year	       = 1997,
  pages	       = {233-260}
}

@InProceedings{DBLP:conf/eurocrypt/Shoup97,
  author       = {Victor Shoup},
  title	       = {Lower Bounds for Discrete Logarithms and Related
                  Problems},
  booktitle    = {EUROCRYPT},
  year	       = 1997,
  pages	       = {256-266}
}

@Article{DBLP:journals/siamcomp/Shor97,
  author       = {Peter W. Shor},
  title	       = {Polynomial-Time Algorithms for Prime Factorization
                  and Discrete Logarithms on a Quantum Computer},
  journal      = {SIAM J. Comput.},
  volume       = 26,
  number       = 5,
  year	       = 1997,
  pages	       = {1484-1509}
}

@InProceedings{DBLP:conf/focs/BellareDJR97,
  author       = {Mihir Bellare and Anand Desai and E. Jokipii and
                  Phillip Rogaway},
  title	       = {A Concrete Security Treatment of Symmetric
                  Encryption},
  booktitle    = {FOCS},
  year	       = 1997,
  pages	       = {394-403}
}

@InProceedings{DBLP:conf/focs/KushilevitzO97,
	author    = {Eyal Kushilevitz and
	Rafail Ostrovsky},
	title     = {Replication is {NOT} Needed: {SINGLE} Database, Computationally-Private
	Information Retrieval},
	booktitle = {{FOCS}},
	year      = {1997},
	pages     = {364-373}
}

@InProceedings{DBLP:conf/crypto/CanettiDNO97,
  author       = {Ran Canetti and Cynthia Dwork and Moni Naor and
                  Rafail Ostrovsky},
  title	       = {Deniable Encryption},
  booktitle    = {CRYPTO},
  year	       = 1997,
  pages	       = {90-104}
}


@InProceedings{DBLP:conf/crypto/BonehV96,
	author    = {Dan Boneh and
	Ramarathnam Venkatesan},
	title     = {Hardness of Computing the Most Significant Bits of Secret Keys in
	Diffie-Hellman and Related Schemes},
	booktitle = {Advances in Cryptology - {CRYPTO} '96, 16th Annual International Cryptology
	Conference, Santa Barbara, California, USA, August 18-22, 1996, Proceedings},
	year      = {1996},
	pages     = {129-142}
}

@InProceedings{DBLP:conf/ndss/Krawczyk96,
  author       = {Hugo Krawczyk},
  title	       = {{SKEME}: a versatile secure key exchange mechanism
                  for {Internet}},
  booktitle    = {NDSS},
  year	       = 1996,
  pages	       = {114-127}
}

@InProceedings{DBLP:conf/focs/CanettiG96,
  author       = {Ran Canetti and Rosario Gennaro},
  title	       = {Incoercible Multiparty Computation (extended
                  abstract)},
  booktitle    = {FOCS},
  year	       = 1996,
  pages	       = {504-513}
}

@InProceedings{DBLP:conf/stoc/CanettiFGN96,
  author       = {Ran Canetti and Uriel Feige and Oded Goldreich and
                  Moni Naor},
  title	       = {Adaptively Secure Multi-Party Computation},
  booktitle    = {STOC},
  year	       = 1996,
  pages	       = {639-648}
}

@Article{DBLP:journals/joc/ImpagliazzoN96,
  author       = {Russell Impagliazzo and Moni Naor},
  title	       = {Efficient Cryptographic Schemes Provably as Secure
                  as Subset Sum},
  journal      = {J. Cryptology},
  volume       = 9,
  number       = 4,
  year	       = 1996,
  pages	       = {199-216},
}

@InProceedings{DBLP:conf/stoc/BellareR95,
  author       = {Mihir Bellare and Phillip Rogaway},
  title	       = {Provably secure session key distribution: the three
                  party case},
  booktitle    = {STOC},
  year	       = 1995,
  pages	       = {57-66}
}

@InProceedings{DBLP:conf/coco/Impagliazzo95,
  author       = {Russell Impagliazzo},
  title	       = {A Personal View of Average-Case Complexity},
  booktitle    = {Structure in Complexity Theory Conference},
  year	       = 1995,
  pages	       = {134-147}
}

@InProceedings{DBLP:conf/eurocrypt/BellareR94,
  author       = {Mihir Bellare and Phillip Rogaway},
  title	       = {Optimal Asymmetric Encryption},
  booktitle    = {EUROCRYPT},
  year	       = 1994,
  pages	       = {92-111}
}

@Article{DBLP:journals/siamdm/DesmedtF94,
  author       = {Yvo Desmedt and Yair Frankel},
  title	       = {Perfect Homomorphic Zero-Knowledge Threshold Schemes
                  over any Finite Abelian Group},
  journal      = {SIAM J. Discrete Math.},
  volume       = 7,
  number       = 4,
  year	       = 1994,
  pages	       = {667-679}
}

@TechReport{benaloh94:_uncoer_commun,
  author       = {Josh Benaloh and Dwight Tuinstra},
  title	       = {Uncoercible Communication},
  institution  = {Clarkson University},
  year	       = 1994,
  number       = {TR-MCS-94-1},
  month	       = {March}
}

@Article{DBLP:journals/jsac/BirdGHJKMY93,
  author       = {Ray Bird and Inder S. Gopal and Amir Herzberg and
                  Philippe A. Janson and Shay Kutten and Refik Molva
                  and Moti Yung},
  title	       = {Systematic Design of a Family of Attack-Resistant
                  Authentication Protocols},
  journal      = {IEEE Journal on Selected Areas in Communications},
  volume       = 11,
  number       = 5,
  year	       = 1993,
  pages	       = {679-693},
  note	       = {Preliminary version in CRYPTO 1991},
  prelimyear   = 1991
}

@Book{lenstra93:_devel_of_number_field_sieve,
  editor       = {A. K. Lenstra and H. W. Lenstra},
  title	       = {The development of the number field sieve},
  publisher    = {Springer-Verlag},
  year	       = 1993,
  month	       = {August}
}

@InProceedings{DBLP:conf/crypto/BellareR93,
  author       = {Mihir Bellare and Phillip Rogaway},
  title	       = {Entity Authentication and Key Distribution},
  booktitle    = {CRYPTO},
  year	       = 1993,
  pages	       = {232-249}
}

@InProceedings{DBLP:conf/ccs/BellareR93,
  author       = {Mihir Bellare and Phillip Rogaway},
  title	       = {Random Oracles are Practical: A Paradigm for
                  Designing Efficient Protocols},
  booktitle    = {ACM Conference on Computer and Communications
                  Security},
  year	       = 1993,
  pages	       = {62-73}
}

@Article{DBLP:journals/siamcomp/ReifT92,
  author       = {John H. Reif and Stephen R. Tate},
  title	       = {On Threshold Circuits and Polynomial Computation},
  journal      = {SIAM J. Comput.},
  volume       = 21,
  number       = 5,
  year	       = 1992,
  pages	       = {896-908}
}

@Article{DBLP:journals/joc/Schnorr91,
  author       = {Claus{-}Peter Schnorr},
  title	       = {Efficient Signature Generation by Smart Cards},
  journal      = {J. Cryptology},
  year	       = 1991,
  volume       = 4,
  number       = 3,
  pages	       = {161-174},
  note	       = {Preliminary version in CRYPTO 1989},
  prelimyear   = 1989
}

@InProceedings{DBLP:conf/crypto/RackoffS91,
  author       = {Charles Rackoff and Daniel R. Simon},
  title	       = {Non-Interactive Zero-Knowledge Proof of Knowledge
                  and Chosen Ciphertext Attack},
  booktitle    = {CRYPTO},
  year	       = 1991,
  pages	       = {433-444}
}

@Article{DBLP:journals/siamcomp/NaorN93,
  author       = {Joseph Naor and Moni Naor},
  title	       = {Small-Bias Probability Spaces: Efficient
                  Constructions and Applications},
  journal      = {SIAM J. Comput.},
  volume       = 22,
  number       = 4,
  year	       = 1993,
  pages	       = {838-856},
  prelimyear   = 1990,
  note	       = {Preliminary version in STOC 1990}
}

@InProceedings{DBLP:conf/crypto/BlumFKL93,
  author       = {Avrim Blum and Merrick L. Furst and Michael
                  J. Kearns and Richard J. Lipton},
  title	       = {Cryptographic Primitives Based on Hard Learning
                  Problems},
  booktitle    = {CRYPTO},
  year	       = 1993,
  pages	       = {278-291}
}

@Article{DBLP:journals/siamcomp/BlumSMP91,
  author       = {Manuel Blum and Alfredo {De Santis} and Silvio Micali
                  and Giuseppe Persiano},
  title	       = {Noninteractive Zero-Knowledge},
  journal      = {SIAM J. Comput.},
  volume       = 20,
  number       = 6,
  year	       = 1991,
  pages	       = {1084-1118},
  prelimyear   = 1988,
  note	       = {Preliminary version in STOC 1988}
}

@InProceedings{DBLP:conf/stoc/Rompel90,
  author       = {John Rompel},
  title	       = {One-Way Functions are Necessary and Sufficient for
                  Secure Signatures},
  booktitle    = {STOC},
  year	       = 1990,
  pages	       = {387-394}
}

@InProceedings{DBLP:conf/stoc/NaorY90,
  author       = {Moni Naor and Moti Yung},
  title	       = {Public-key Cryptosystems Provably Secure against
                  Chosen Ciphertext Attacks},
  booktitle    = {STOC},
  year	       = 1990,
  pages	       = {427-437},
}

@InProceedings{DBLP:conf/stoc/RabinB89,
  author       = {Tal Rabin and Michael {Ben-Or}},
  title	       = {Verifiable Secret Sharing and Multiparty Protocols
                  with Honest Majority (Extended Abstract)},
  booktitle    = {STOC},
  year	       = 1989,
  pages	       = {73-85}
}


@InProceedings{DBLP:conf/crypto/ChaumA89,
	author    = {David Chaum and
	Hans Van Antwerpen},
	title     = {Undeniable Signatures},
	booktitle = {CRYPTO},
	year      = {1989},
	pages     = {212-216}
}

@Article{DBLP:journals/siamcomp/GoldwasserMR89,
  author       = {Shafi Goldwasser and Silvio Micali and Charles
                  Rackoff},
  title	       = {The Knowledge Complexity of Interactive Proof
                  Systems},
  journal      = {SIAM J. Comput.},
  volume       = 18,
  number       = 1,
  year	       = 1989,
  pages	       = {186-208},
  prelimyear   = 1985,
  note	       = {Preliminary version in STOC 1985}
}

@InProceedings{DBLP:conf/stoc/NaorY89,
  author       = {Moni Naor and Moti Yung},
  title	       = {Universal One-Way Hash Functions and their
                  Cryptographic Applications},
  booktitle    = {STOC},
  year	       = 1989,
  pages	       = {33-43},
}

@InProceedings{DBLP:conf/stoc/GoldreichL89,
  author       = {Oded Goldreich and Leonid A. Levin},
  title	       = {A Hard-Core Predicate for all One-Way Functions},
  booktitle    = {STOC},
  year	       = 1989,
  pages	       = {25-32}
}

@InProceedings{DBLP:conf/crypto/DesmedtF89,
  author       = {Yvo Desmedt and Yair Frankel},
  title	       = {Threshold Cryptosystems},
  booktitle    = {CRYPTO},
  year	       = 1989,
  pages	       = {307-315}
}

@Article{DBLP:journals/siamcomp/GrollmannS88,
  author       = {Joachim Grollmann and Alan L. Selman},
  title	       = {Complexity Measures for Public-Key Cryptosystems},
  journal      = {SIAM J. Comput.},
  volume       = 17,
  number       = 2,
  year	       = 1988,
  pages	       = {309-335}
}

@InProceedings{DBLP:conf/crypto/ChaumFN88,
  author       = {David Chaum and Amos Fiat and Moni Naor},
  title	       = {Untraceable Electronic Cash},
  booktitle    = {CRYPTO},
  year	       = 1988,
  pages	       = {319-327}
}

@InProceedings{DBLP:conf/stoc/Ben-OrGW88,
  author       = {Michael {Ben-Or} and Shafi Goldwasser and Avi
                  Wigderson},
  title	       = {Completeness Theorems for Non-Cryptographic
                  Fault-Tolerant Distributed Computation (Extended
                  Abstract)},
  booktitle    = {STOC},
  year	       = 1988,
  pages	       = {1-10}
}

@Article{DBLP:journals/siamcomp/GoldwasserMR88,
  author       = {Shafi Goldwasser and Silvio Micali and Ronald
                  L. Rivest},
  title	       = {A Digital Signature Scheme Secure Against Adaptive
                  Chosen-Message Attacks},
  journal      = {SIAM J. Comput.},
  volume       = 17,
  number       = 2,
  year	       = 1988,
  pages	       = {281-308},
  note	       = {Preliminary version in FOCS 1984},
  prelimyear   = 1984
}

@Article{DBLP:journals/siamcomp/LubyR88,
  author       = {Michael Luby and Charles Rackoff},
  title	       = {How to Construct Pseudorandom Permutations from
                  Pseudorandom Functions},
  journal      = {SIAM J. Comput.},
  volume       = 17,
  number       = 2,
  year	       = 1988,
  pages	       = {373-386},
  note	       = {Preliminary version in CRYPTO 1985},
  prelimyear   = 1985
}

@TechReport{Berkeley:CSD-88-408,
  author       = {Richard Karp and Vijaya Ramachandran},
  title	       = {A Survey of Parallel Algorithms for Shared-Memory
                  Machines},
  institution  = {"University of California, Berkeley"},
  year	       = 1988
}

@Article{DBLP:journals/ipl/BoppanaHZ87,
  author       = {Ravi B. Boppana and Johan H{\aa}stad and Stathis
                  Zachos},
  title	       = {Does co-{NP} Have Short Interactive Proofs?},
  journal      = {Inf. Process. Lett.},
  volume       = 25,
  number       = 2,
  year	       = 1987,
  pages	       = {127-132}
}

@Article{DBLP:journals/jacm/GoldreichGM86,
  author       = {Oded Goldreich and Shafi Goldwasser and Silvio
                  Micali},
  title	       = {How to construct random functions},
  journal      = {J. ACM},
  volume       = 33,
  number       = 4,
  year	       = 1986,
  pages	       = {792-807},
  note	       = {Preliminary version in FOCS 1984},
  prelimyear   = 1984
}

@Article{DBLP:journals/siamcomp/BlumBS86,
  author       = {Lenore Blum and Manuel Blum and Mike Shub},
  title	       = {A Simple Unpredictable Pseudo-Random Number
                  Generator},
  journal      = {SIAM J. Comput.},
  volume       = 15,
  number       = 2,
  year	       = 1986,
  pages	       = {364-383}
}

@InProceedings{DBLP:conf/crypto/FiatS86,
  author       = {Amos Fiat and Adi Shamir},
  title	       = {How to Prove Yourself: Practical Solutions to
                  Identification and Signature Problems},
  booktitle    = {CRYPTO},
  year	       = 1986,
  pages	       = {186-194}
}

@InProceedings{DBLP:conf/stoc/Barrington86,
  author       = {David A. Mix Barrington},
  title	       = {Bounded-Width Polynomial-Size Branching Programs
                  Recognize Exactly Those Languages in {NC$^1$}},
  booktitle    = {STOC},
  year	       = 1986,
  pages	       = {1-5}
}

@InProceedings{DBLP:conf/crypto/Gamal84,
  author       = {Taher ElGamal},
  title	       = {A Public Key Cryptosystem and a Signature Scheme
                  Based on Discrete Logarithms},
  booktitle    = {CRYPTO},
  year	       = 1984,
  pages	       = {10-18}
}

@InProceedings{DBLP:conf/crypto/Shamir84,
  author       = {Adi Shamir},
  title	       = {Identity-Based Cryptosystems and Signature Schemes},
  booktitle    = {CRYPTO},
  year	       = 1984,
  pages	       = {47-53}
}

@Article{DBLP:journals/siamcomp/BlumM84,
  author       = {Manuel Blum and Silvio Micali},
  title	       = {How to Generate Cryptographically Strong Sequences
                  of Pseudo-Random Bits},
  journal      = {SIAM J. Comput.},
  volume       = 13,
  number       = 4,
  year	       = 1984,
  pages	       = {850-864},
  note	       = {Preliminary version in FOCS 1982},
  prelimyear   = 1982
}




@Article{DBLP:journals/jcss/GoldwasserM84,
  author       = {Shafi Goldwasser and Silvio Micali},
  title	       = {Probabilistic Encryption},
  journal      = {J. Comput. Syst. Sci.},
  volume       = 28,
  number       = 2,
  year	       = 1984,
  pages	       = {270-299},
  note	       = {Preliminary version in STOC 1982},
  prelimyear   = 1982
}

@InProceedings{DBLP:conf/focs/Yao82a,
  author       = {Andrew Chi-Chih Yao},
  title	       = {Theory and Applications of Trapdoor Functions
                  (Extended Abstract)},
  booktitle    = {FOCS},
  year	       = 1982,
  pages	       = {80-91}
}

@Article{DBLP:journals/cacm/Shamir79,
  author       = {Adi Shamir},
  title	       = {How to Share a Secret},
  journal      = {Commun. ACM},
  volume       = 22,
  number       = 11,
  year	       = 1979,
  pages	       = {612-613}
}

@TechReport{mceliece78,
  author       = {Robert J. McEliece},
  title	       = {A public-key cryptosystem based on algebraic coding
                  theory},
  institution  = {Jet Propulsion Laboratory},
  year	       = 1978,
  type	       = {DSN Progress Report},
  number       = {42-44},
  pages	       = {114-116}
}

@Article{DBLP:journals/cacm/RivestSA78,
  author       = {Ronald L. Rivest and Adi Shamir and Leonard
                  M. Adleman},
  title	       = {A Method for Obtaining Digital Signatures and
                  Public-Key Cryptosystems},
  journal      = {Commun. ACM},
  volume       = 21,
  number       = 2,
  year	       = 1978,
  pages	       = {120-126}
}

@Article{diffie76:_new_direc_in_crypt,
  author       = {Whitfield Diffie and Martin E. Hellman},
  title	       = {New Directions in Cryptography},
  journal      = {IEEE Transactions on Information Theory},
  volume       = {IT-22},
  number       = 6,
  pages	       = {644-654},
  date	       = {November 1976},
  year	       = 1976,
}

@TechReport{rabin79:_digit_signat_and_public_key,
  author       = {Michael O. Rabin},
  title	       = {Digitalized signatures and public-key functions as
                  intractable as factorization},
  institution  = {MIT Laboratory for Computer Science},
  year	       = 1979,
  number       = {MIT/LCS/TR-212}
}

@Article{rivest78:_privacy_homom,
  author       = {Ronald L. Rivest and Len Adleman and Michael
                  L. Dertouzos},
  title	       = {On Data Banks and Privacy Homomorphisms},
  journal      = {Foundations of secure computation},
  year	       = 1978,
  volume       = 4,
  number       = 11,
  pages	       = {169-180}
}

@Article{DBLP:journals/mathematique/Erdos65,
	author       = {Paul Erd{\"o}s and Alfr{\'e}d R{\'e}nyi},
	title	       = {Probabilistic Methods in Group Theory},
	journal      = {Journal d'Analyse Math{\'e}matique},
	volume       = 14,
	number       = 1,
	year	       = 1965,
	pages	       = {127-138}
}


% deniable things

@Misc{RubberHose,
  title	       = {The rubberhose encryption system.},
  note	       = {Internet website; accessed 9 February 2010.
                  \url{http://iq.org/~proff/marutukku.org/}}
}

@Misc{TrueCrypt,
  title	       = {TrueCrypt: Free open-source on-the-fly encryption.},
  note	       = {Internet website; accessed 9 Feburary
                  2010. \url{http://www.truecrypt.org}}
}

@Misc{wiki:deniable,
  author       = {Wikipedia},
  title	       = {Deniable encryption --- {Wikipedia,} The Free
                  Encyclopedia},
  year	       = 2010,
  note	       = {Internet website; accessed 9 February 2010.
                  \url{http://en.wikipedia.org/wiki/Deniable_encryption}}
}

@Article{chvatal-tail,
  author       = {V. Chv{\'a}tal},
  title	       = {The tail of the hypergeometric distribution},
  journal      = {Discrete Math.},
  volume       = 25,
  year	       = 1979,
  pages	       = {285-287}
}

@Manual{sage,
  title	       = {{S}age {M}athematics {S}oftware ({V}ersion 4.2.1)},
  key	       = {Sage},
  author       = {W.\thinspace{}A. Stein and others},
  organization = {The Sage Development Team},
  note	       = {\url{http://www.sagemath.org}},
  year	       = 2009
}

@Misc{shoup-ntl,
  author       = {Victor Shoup},
  title	       = {Number Theory Library 5.5.2 ({NTL}) for {C}++},
  note	       = {\url{http://www.shoup.net/ntl/}}
}

@Misc{rfc2401,
  author       = {S. Kent and R. Atkinson},
  title	       = {{Security Architecture for the Internet Protocol}},
  howpublished = {RFC 2401 (Proposed Standard)},
  month	       = Nov,
  year	       = 1998,
  note	       = {Obsoleted by RFC 4301, updated by RFC 3168},
  series       = {Request for Comments},
  number       = 2401,
  publisher    = {IETF},
  organization = {Internet Engineering Task Force},
  url	       = {http://www.ietf.org/rfc/rfc2401.txt}
}

@Misc{rfc2409,
  author       = {D. Harkins and D. Carrel},
  title	       = {{The Internet Key Exchange (IKE)}},
  howpublished = {RFC 2409 (Proposed Standard)},
  month	       = Nov,
  year	       = 1998,
  note	       = {Obsoleted by RFC 4306, updated by RFC 4109},
  series       = {Request for Comments},
  number       = 2409,
  publisher    = {IETF},
  organization = {Internet Engineering Task Force},
  url	       = {http://www.ietf.org/rfc/rfc2409.txt}
}

@Misc{rfc2411,
  author       = {R. Thayer and N. Doraswamy and R. Glenn},
  title	       = {{IP Security Document Roadmap}},
  howpublished = {RFC 2411 (Informational)},
  month	       = Nov,
  year	       = 1998,
  note	       = {Obsoleted by RFC 6071},
  series       = {Request for Comments},
  number       = 2411,
  publisher    = {IETF},
  organization = {Internet Engineering Task Force},
  url	       = {http://www.ietf.org/rfc/rfc2411.txt}
}

@Misc{rfc2522,
  author       = {P. Karn and W. Simpson},
  title	       = {{Photuris: Session-Key Management Protocol}},
  howpublished = {RFC 2522 (Experimental)},
  month	       = Mar,
  year	       = 1999,
  series       = {Request for Comments},
  number       = 2522,
  publisher    = {IETF},
  organization = {Internet Engineering Task Force},
  url	       = {http://www.ietf.org/rfc/rfc2522.txt}
}

@Misc{rfc3560,
  author       = {R. Housley},
  title	       = {{Use of the RSAES-OAEP Key Transport Algorithm in
                  Cryptographic Message Syntax (CMS)}},
  howpublished = {RFC 3560 (Proposed Standard)},
  month	       = Jul,
  year	       = 2003,
  series       = {Request for Comments},
  number       = 3560,
  publisher    = {IETF},
  organization = {Internet Engineering Task Force},
  url	       = {http://www.ietf.org/rfc/rfc3560.txt}
}

@Misc{rfc4301,
  author       = {S. Kent and K. Seo},
  title	       = {{Security Architecture for the Internet Protocol}},
  howpublished = {RFC 4301 (Proposed Standard)},
  month	       = Dec,
  year	       = 2005,
  note	       = {Updated by RFC 6040},
  series       = {Request for Comments},
  number       = 4301,
  publisher    = {IETF},
  organization = {Internet Engineering Task Force},
  url	       = {http://www.ietf.org/rfc/rfc4301.txt}
}

@Misc{rfc4306,
  author       = {C. Kaufman},
  title	       = {{Internet Key Exchange (IKEv2) Protocol}},
  howpublished = {RFC 4306 (Proposed Standard)},
  month	       = Dec,
  year	       = 2005,
  note	       = {Obsoleted by RFC 5996, updated by RFC 5282},
  series       = {Request for Comments},
  number       = 4306,
  publisher    = {IETF},
  organization = {Internet Engineering Task Force},
  url	       = {http://www.ietf.org/rfc/rfc4306.txt}
}

@Misc{rfc5990,
  author       = {J. Randall and B. Kaliski and J. Brainard and
                  S. Turner},
  title	       = {{Use of the RSA-KEM Key Transport Algorithm in the
                  Cryptographic Message Syntax (CMS)}},
  howpublished = {RFC 5990 (Proposed Standard)},
  month	       = Sep,
  year	       = 2010,
  series       = {Request for Comments},
  number       = 5990,
  publisher    = {IETF},
  organization = {Internet Engineering Task Force},
  url	       = {http://www.ietf.org/rfc/rfc5990.txt}
}

@Misc{rfc5996,
  author       = {C. Kaufman and P. Hoffman and Y. Nir and P. Eronen},
  title	       = {{Internet Key Exchange Protocol Version 2 (IKEv2)}},
  howpublished = {RFC 5996 (Proposed Standard)},
  month	       = Sep,
  year	       = 2010,
  note	       = {Updated by RFCs 5998, 6989},
  series       = {Request for Comments},
  number       = 5996,
  publisher    = {IETF},
  organization = {Internet Engineering Task Force},
  url	       = {http://www.ietf.org/rfc/rfc5996.txt}
}

@Misc{rfc6071,
  author       = {S. Frankel and S. Krishnan},
  title	       = {{IP Security (IPsec) and Internet Key Exchange (IKE)
                  Document Roadmap}},
  howpublished = {RFC 6071 (Informational)},
  month	       = Feb,
  year	       = 2011,
  series       = {Request for Comments},
  number       = 6071,
  publisher    = {IETF},
  organization = {Internet Engineering Task Force},
  url	       = {http://www.ietf.org/rfc/rfc6071.txt}
}